<record><leader>00000cas a2200000 a 4500</leader><controlfield tag="001">11408809</controlfield><controlfield tag="008">841120d19151964inucr ne      0    0eng c</controlfield><datafield ind1=" " ind2=" " tag="010"><subfield code="a">sn 84001922 </subfield></datafield><datafield ind1=" " ind2=" " tag="040"><subfield code="a">NSD</subfield><subfield code="b">eng</subfield><subfield code="c">NSD</subfield><subfield code="d">NPI</subfield><subfield code="d">NSD</subfield><subfield code="d">OCLCQ</subfield><subfield code="d">IUL</subfield><subfield code="d">OCLCF</subfield></datafield><datafield ind1=" " ind2=" " tag="019"><subfield code="a">10642579</subfield></datafield><datafield ind1=" " ind2=" " tag="042"><subfield code="a">pcc</subfield></datafield><datafield ind1=" " ind2=" " tag="043"><subfield code="a">n-us-in</subfield></datafield><datafield ind1="0" ind2=" " tag="130"><subfield code="a">Plainfield messenger (Plainfield, Ind.)</subfield></datafield><datafield ind1="1" ind2="4" tag="245"><subfield code="a">The Plainfield messenger.</subfield></datafield><datafield ind1="3" ind2="0" tag="246"><subfield code="a">Daily messenger</subfield></datafield><datafield ind1=" " ind2=" " tag="260"><subfield code="a">Plainfield, Ind. :</subfield><subfield code="b">G.W. Lott,</subfield><subfield code="c">-1964.</subfield></datafield><datafield ind1=" " ind2=" " tag="300"><subfield code="a">volumes</subfield></datafield><datafield ind1=" " ind2=" " tag="310"><subfield code="a">Semiweekly,</subfield><subfield code="b">May 12, 1964-</subfield></datafield><datafield ind1=" " ind2=" " tag="321"><subfield code="a">Weekly</subfield></datafield><datafield ind1=" " ind2=" " tag="321"><subfield code="a">Daily (except Sat. and Sun.),</subfield><subfield code="b">Apr. 22, 1963-May 9, 1963</subfield></datafield><datafield ind1="1" ind2=" " tag="362"><subfield code="a">Began with Dec. 30, 1915 issue.</subfield></datafield><datafield ind1="0" ind2=" " tag="362"><subfield code="a">-v. 98, no. 50 (June 4, 1964).</subfield></datafield><datafield ind1=" " ind2=" " tag="500"><subfield code="a">Also published as: The Daily messenger, Apr. 22, 1963-May 9, 1963.</subfield></datafield><datafield ind1=" " ind2=" " tag="588"><subfield code="a">Description based on: Vol. 37, no. 2 (Jan. 6, 1916); title from masthead.</subfield></datafield><datafield ind1=" " ind2="0" tag="651"><subfield code="a">Plainfield (Ind.)</subfield><subfield code="v">Newspapers.</subfield></datafield><datafield ind1=" " ind2="0" tag="651"><subfield code="a">Hendricks County (Ind.)</subfield><subfield code="v">Newspapers.</subfield></datafield><datafield ind1=" " ind2="7" tag="651"><subfield code="a">Indiana</subfield><subfield code="z">Hendricks County.</subfield><subfield code="2">fast</subfield><subfield code="0">(OCoLC)fst01206786</subfield></datafield><datafield ind1=" " ind2="7" tag="651"><subfield code="a">Indiana</subfield><subfield code="z">Plainfield.</subfield><subfield code="2">fast</subfield><subfield code="0">(OCoLC)fst01214908</subfield></datafield><datafield ind1=" " ind2="7" tag="655"><subfield code="a">Newspapers.</subfield><subfield code="2">fast</subfield><subfield code="0">(OCoLC)fst01423814</subfield></datafield><datafield ind1=" " ind2=" " tag="752"><subfield code="a">United States</subfield><subfield code="b">Indiana</subfield><subfield code="c">Hendricks</subfield><subfield code="d">Plainfield.</subfield></datafield><datafield ind1="0" ind2="0" tag="780"><subfield code="t">Friday caller (Plainfield, Ind. : 1904)</subfield><subfield code="w">(DLC)sn 86058922</subfield><subfield code="w">(OCoLC)14584939</subfield></datafield><datafield ind1="0" ind2="5" tag="780"><subfield code="t">Plainfield news-leader</subfield><subfield code="g">1964</subfield><subfield code="w">(DLC)sn 86058909</subfield><subfield code="w">(OCoLC)14763840</subfield></datafield><datafield ind1="0" ind2="5" tag="780"><subfield code="t">Friday caller (Plainfield, Ind. : 1934)</subfield><subfield code="g">1956</subfield><subfield code="w">(DLC)sn 86058943</subfield><subfield code="w">(OCoLC)14584884</subfield></datafield><datafield ind1="0" ind2="0" tag="785"><subfield code="t">Messenger (Plainfield, Ind.)</subfield><subfield code="w">(DLC)sn 86058919</subfield><subfield code="w">(OCoLC)14763835</subfield></datafield><datafield ind1="4" ind2="1" tag="856"><subfield code="u">https://access.newspaperarchive.com/us/indiana/plainfield/plainfield-messenger/</subfield></datafield></record>